<?xml version="1.0" encoding="UTF-8"?><collection xmlns="http://www.loc.gov/MARC21/slim"><record><leader>00597nam--2200205-i-4500</leader><controlfield tag="001">000014218</controlfield><controlfield tag="002">20161230</controlfield><controlfield tag="005">20161230201030</controlfield><controlfield tag="008">060222s1000------------r-----000-0-eng-d</controlfield><datafield ind1=" " ind2=" " tag="020"><subfield code="a">354010514X</subfield></datafield><datafield ind1=" " ind2=" " tag="040"><subfield code="a">IFIN-HH</subfield></datafield><datafield ind1=" " ind2=" " tag="080"><subfield code="a">621.3.011.72:537.226.86:537.312.62</subfield></datafield><datafield ind1="1" ind2=" " tag="100"><subfield code="a">Locherer, K.H</subfield></datafield><datafield ind1="1" ind2="0" tag="245"><subfield code="a">Parametric electronics</subfield><subfield code="b">An introduction</subfield><subfield code="c">K.-h. locherer, c.-d. brandt</subfield></datafield><datafield ind1=" " ind2=" " tag="260"><subfield code="a">Berlin</subfield><subfield code="b">Springer-verlag</subfield><subfield code="c">1982</subfield></datafield><datafield ind1=" " ind2=" " tag="300"><subfield code="a">XI + 328 P</subfield></datafield><datafield ind1=" " ind2=" " tag="490"><subfield code="a">Springer Series In Electrophysics</subfield><subfield code="v">Volume 6</subfield></datafield><datafield ind1="1" ind2=" " tag="700"><subfield code="a">Brandt, C.D</subfield></datafield><datafield ind1=" " ind2=" " tag="852"><subfield code="a">46525</subfield><subfield code="c">537.533</subfield></datafield><datafield ind1=" " ind2=" " tag="CAT"><subfield code="a">Sys</subfield><subfield code="c">20110830</subfield><subfield code="h">104618</subfield></datafield></record></collection>